<record><leader>00000cas a22000007a 4500</leader><controlfield tag="001">34222487</controlfield><controlfield tag="008">960220d19041907sduwr ne      0    0eng d</controlfield><datafield ind1=" " ind2=" " tag="010"><subfield code="a">sn 95076649 </subfield></datafield><datafield ind1=" " ind2=" " tag="040"><subfield code="a">SXN</subfield><subfield code="b">eng</subfield><subfield code="c">SXN</subfield><subfield code="d">OCLCQ</subfield><subfield code="d">OCLCO</subfield></datafield><datafield ind1="1" ind2=" " tag="029"><subfield code="a">AU@</subfield><subfield code="b">000025864094</subfield></datafield><datafield ind1=" " ind2=" " tag="042"><subfield code="a">msc</subfield></datafield><datafield ind1=" " ind2=" " tag="043"><subfield code="a">n-us-sd</subfield></datafield><datafield ind1="0" ind2=" " tag="130"><subfield code="a">Wave (Lund, S.D.)</subfield></datafield><datafield ind1="1" ind2="4" tag="245"><subfield code="a">The wave.</subfield></datafield><datafield ind1="3" ind2="0" tag="246"><subfield code="a">Lund wave</subfield></datafield><datafield ind1="1" ind2="7" tag="246"><subfield code="a">Vivian wave</subfield></datafield><datafield ind1=" " ind2=" " tag="260"><subfield code="a">Lund, S.D. :</subfield><subfield code="b">W.H. McMaster</subfield></datafield><datafield ind1=" " ind2=" " tag="300"><subfield code="a">v.</subfield></datafield><datafield ind1=" " ind2=" " tag="310"><subfield code="a">Weekly</subfield></datafield><datafield ind1="0" ind2=" " tag="362"><subfield code="a">Vol. 1, no. 26 (Sept. 23, 1904)-v. 5, no. 12 (July [5], 1907).</subfield></datafield><datafield ind1=" " ind2=" " tag="500"><subfield code="a">Published in: Vivian, June 1, 1906-1907.</subfield></datafield><datafield ind1=" " ind2=" " tag="530"><subfield code="a">Available on microfilm from: State Archives, South Dakota State Historical Society.</subfield></datafield><datafield ind1=" " ind2="0" tag="651"><subfield code="a">Lund (S.D.)</subfield><subfield code="v">Newspapers.</subfield></datafield><datafield ind1=" " ind2="0" tag="651"><subfield code="a">Vivian (S.D.)</subfield><subfield code="v">Newspapers.</subfield></datafield><datafield ind1=" " ind2="0" tag="651"><subfield code="a">Lyman County (S.D.)</subfield><subfield code="v">Newspapers.</subfield></datafield><datafield ind1=" " ind2=" " tag="752"><subfield code="a">United States</subfield><subfield code="b">South Dakota</subfield><subfield code="c">Lyman</subfield><subfield code="d">Vivian.</subfield></datafield><datafield ind1=" " ind2=" " tag="752"><subfield code="a">United States</subfield><subfield code="b">South Dakota</subfield><subfield code="c">Lyman</subfield><subfield code="d">Lund.</subfield></datafield><datafield ind1="0" ind2="0" tag="780"><subfield code="t">Westover wave</subfield><subfield code="w">(DLC)sn 95076651</subfield></datafield><datafield ind1="0" ind2="0" tag="785"><subfield code="t">Vivian wave</subfield><subfield code="w">(DLC)sn 95076652</subfield></datafield></record>